<record xmlns="http://www.loc.gov/MARC21/slim" xmlns:xsi="http://www.w3.org/2001/XMLSchema-instance" xsi:schemaLocation="http://www.loc.gov/MARC21/slim http://www.loc.gov/standards/marcxml/schema/MARC21slim.xsd"><leader>02173nam a2200385   4500</leader><controlfield tag="001">3072932</controlfield><controlfield tag="003">NNC</controlfield><controlfield tag="006">m        d        </controlfield><controlfield tag="007">cr cn |||m|||a</controlfield><controlfield tag="008">150223s1964    iq h    ob    000 0 ara  </controlfield><datafield ind1=" " ind2=" " tag="040"><subfield code="a">NNU</subfield><subfield code="b">eng</subfield><subfield code="e">rda</subfield><subfield code="c">NNU</subfield></datafield><datafield ind1=" " ind2="4" tag="050"><subfield code="a">PJ6095</subfield><subfield code="b">.S3</subfield></datafield><datafield ind1="1" ind2=" " tag="100"><subfield code="6">880-01</subfield><subfield code="a">Samarra&#772;&#700;i&#772;, Ibra&#772;hi&#772;m.</subfield></datafield><datafield ind1="1" ind2="0" tag="245"><subfield code="6">880-02</subfield><subfield code="a">Rasa&#772;&#700;il fi&#772; al-lughah,</subfield><subfield code="c">h&#803;aqqaqaha&#772; wa-&#699;allaqa &#699;alayha&#772; Ibra&#772;hi&#772;m al-Sa&#772;marra&#772;&#700;i&#772;.</subfield></datafield><datafield ind1=" " ind2=" " tag="260"><subfield code="6">880-03</subfield><subfield code="a">Baghda&#772;d :</subfield><subfield code="b">Mat&#803;ba&#699;at al-Irsha&#772;d,</subfield><subfield code="c">1964.</subfield></datafield><datafield ind1=" " ind2=" " tag="300"><subfield code="a">online resource (176 pages) :</subfield><subfield code="b">facsimiles</subfield></datafield><datafield ind1=" " ind2=" " tag="336"><subfield code="a">text</subfield><subfield code="2">rdacontent</subfield></datafield><datafield ind1=" " ind2=" " tag="337"><subfield code="a">computer</subfield><subfield code="2">rdamedia</subfield></datafield><datafield ind1=" " ind2=" " tag="338"><subfield code="a">online resource</subfield><subfield code="2">rdacarrier</subfield></datafield><datafield ind1=" " ind2=" " tag="500"><subfield code="a">Added t.p.: Rasa&#699;il fial-luga de az-Zaggag, al-Marzuqi, al-Hamid, al-Patliusi, edite&#768; et annote&#768; by Dr. as-Samarrai.</subfield></datafield><datafield ind1=" " ind2=" " tag="500"><subfield code="a">Part of the Arabic Collections Online (ACO) project, contributed by Columbia University Libraries.</subfield></datafield><datafield ind1=" " ind2=" " tag="504"><subfield code="a">Includes bibliographical references (pages 174-175).</subfield></datafield><datafield ind1="0" ind2=" " tag="505"><subfield code="a">Khalq al-insa&#772;n, li-Abi&#772; Ish&#803;aq al-Zajja&#772;j -- Kita&#772;b al-Qawl fi&#772; al-fa&#772;z&#803; al-Shumu&#772;l wa-al-&#699;umu&#772;m wa-al-fas&#803;l baynahuma&#772;, lil-Marzu&#772;qi&#772; --Kita&#772;b Ma&#772; yadhkuru wa-ma&#772; yu&#772;nithu min al-insa&#772;n wa-al-liba&#772;s, li-Abi&#772; Mu&#772;sa&#769; al-H&#803;a&#772;mid&#803; -- Min kita&#772;b al-Masa&#772;&#700;il wa-al-ajwibah, li-Ibn al-Sayyid al-Bat&#803;alyu&#772;si&#772;.</subfield></datafield><datafield ind1=" " ind2=" " tag="533"><subfield code="a">Electronic reproduction.</subfield><subfield code="b">New York, N.Y. :</subfield><subfield code="c">New York University,</subfield><subfield code="d">2015.</subfield><subfield code="5">NNU</subfield></datafield><datafield ind1=" " ind2="0" tag="650"><subfield code="a">Arabic language.</subfield></datafield><datafield ind1=" " ind2="7" tag="650"><subfield code="a">Arabic language.</subfield><subfield code="2">fast</subfield><subfield code="0">(OCoLC)fst00812287</subfield></datafield><datafield ind1="2" ind2=" " tag="710"><subfield code="a">Columbia University.</subfield><subfield code="b">Libraries.</subfield></datafield><datafield ind1="0" ind2=" " tag="730"><subfield code="a">Arabic Collections Online.</subfield></datafield><datafield ind1="0" ind2="8" tag="776"><subfield code="i">Print version:</subfield><subfield code="a">Samarra&#772;&#700;i&#772;, Ibra&#772;hi&#772;m.</subfield><subfield code="t">Rasa&#772;&#700;il fi&#772; al-lughah</subfield><subfield code="w">(NNC)3072932</subfield><subfield code="w">(DLC)ne 65000482 </subfield><subfield code="w">(OCoLC)21506383</subfield></datafield><datafield ind1="4" ind2="0" tag="856"><subfield code="u">http://hdl.handle.net/2333.1/6hdr7vjr</subfield></datafield><datafield ind1="1" ind2=" " tag="880"><subfield code="6">100-01/r</subfield><subfield code="a">&#1575;&#1576;&#1585;&#1575;&#1607;&#1610;&#1605; &#1575;&#1604;&#1587;&#1575;&#1605;&#1585;&#1575;&#1574;&#1609;.</subfield></datafield><datafield ind1="1" ind2="0" tag="880"><subfield code="6">245-02/r</subfield><subfield code="a">&#1585;&#1587;&#1575;&#1574;&#1604; &#1601;&#1609; &#1575;&#1604;&#1604;&#1594;&#1577; /</subfield><subfield code="c">&#1581;&#1602;&#1602;&#1607;&#1575; &#1608;&#1593;&#1604;&#1602; &#1593;&#1604;&#1610;&#1607;&#1575; &#1575;&#1576;&#1585;&#1575;&#1607;&#1610;&#1605; &#1575;&#1604;&#1587;&#1575;&#1605;&#1585;&#1575;&#1574;&#1609;.</subfield></datafield><datafield ind1=" " ind2=" " tag="880"><subfield code="6">260-03/r</subfield><subfield code="a">&#1576;&#1594;&#1583;&#1575;&#1583; :</subfield><subfield code="b">&#1605;&#1591;&#1576;&#1593;&#1577; &#1575;&#1604;&#1575;&#1585;&#1588;&#1575;&#1583;&#1548;</subfield><subfield code="c">1964.</subfield></datafield><datafield ind1=" " ind2=" " tag="959"><subfield code="a">NNU</subfield><subfield code="b">WEB</subfield><subfield code="c">GENI</subfield><subfield code="t">0</subfield><subfield code="m">Electronic access</subfield><subfield code="s">01</subfield></datafield><datafield ind1=" " ind2=" " tag="999"><subfield code="i">NNC_3072932</subfield><subfield code="o">(OCoLC)21506383</subfield><subfield code="s">columbia_aco000057</subfield></datafield></record>